@inproceedings{shin2014idc,
title = {Visual Programming Language for {Thymio II} Robot},
author = {Jiwon Shin and Roland Siegwart and St{\'e}phane Magnenat},
booktitle = {Proc. of the 2014 Conference on Interaction Design and Children (IDC)},
year = {2014}
}

@inproceedings{wang2016dars,
title = {Localization of inexpensive robots with low-bandwidth sensors},
author = {Shiling Wang and Francis Colas and Ming Liu and Francesco Mondada and St{\'e}phane Magnenat},
booktitle = {Distributed Autonomous Robotic Systems (DARS)},
date = {Nov. 7--9},
year = {2016},
publisher = {IEEE}
}
@inproceedings{Mayet2010,
author="Mayet, Ralf
and Roberz, Jonathan
and Schmickl, Thomas
and Crailsheim, Karl",
editor="Dorigo, Marco
and Birattari, Mauro
and Di Caro, Gianni A.
and Doursat, Ren{\'e}
and Engelbrecht, Andries P.
and Floreano, Dario
and Gambardella, Luca Maria
and Gro{\ss}, Roderich
and {\c{S}}ahin, Erol
and Sayama, Hiroki
and St{\"u}tzle, Thomas",
title="Antbots: A Feasible Visual Emulation of Pheromone Trails for Swarm Robots",
bookTitle="Swarm Intelligence: 7th International Conference, ANTS 2010, Brussels, Belgium, September 8-10, 2010. Proceedings",
year="2010",
publisher="Springer Berlin Heidelberg",
pages="84--94",
}

@article{Ijspeert2001,
author="Ijspeert, Auke Jan
and Martinoli, Alcherio
and Billard, Aude
and Gambardella, Luca Maria",
title="Collaboration Through the Exploitation of Local Interactions in Autonomous Collective Robotics: The Stick Pulling Experiment",
journal="Autonomous Robots",
year="2001",
volume="11",
number="2",
pages="149--171",
}

@book{kubat2015machinelearning,
  title={An introduction to machine learning},
  author={Kubat, Miroslav},
  year={2015},
  publisher={Springer}
}

@book{harrington2012machine,
  title={Machine learning in action},
  author={Harrington, Peter},
  volume={5},
  year={2012},
  publisher={Manning Greenwich, CT}
}

@book{ai,
  title={Artificial Intelligence: A Modern Approach (Third Edition)},
  author={Stuart Russell and Peter Norvig},
  publisher={Pearson},
  year={2009},
}

@book{kriesel,
author={David Kriesel},
title={A Brief Introduction to Neural Networks},
note={\url{http://www.dkriesel.com/en/science/neural_networks}},
year={2007},
}

@article{slam-tutorial1,
  title={Simultaneous Localization and Mapping: Part I},
  author={Hugh Durrant-Whyte and Tim Bailey},
  journal={IEEE Robotics \& Automation Magazine},
  year={2006},
  volume=13,
  number=2,
  pages={99--110},
}

@article{slam-tutorial2,
  title={Simultaneous Localization and Mapping: Part II},
  author={Tim Bailey and Hugh Durrant-Whyte},
  journal={IEEE Robotics \& Automation Magazine},
  year={2006},
  volume=13,
  number=3,
  pages={108--117},
}

@article{slam-graph,
  title={A Tutorial on Graph-Based SLAM},
  author={Giorgio Grisetti and Rainer K\"{u}mmerle and Cyrill Stachniss and Wolfram Burgard},
  journal={IEEE Intelligent Transportation Systems Magazine},
  volume=2,
  number=4,
  year=2010,
  pages={31--43},
}

@inproceedings{yamauchi,
author={B. Yamauchi}, 
booktitle={IEEE International Symposium on Computational Intelligence in Robotics and Automation},
title={A frontier-based approach for autonomous exploration}, 
year={1997},
pages={146--151}, 
}

@book{latombe,
  title={Robot Motion Planning},
  author={Jean-Claude Latombe},
  year={1991},
  publisher={Springer},
}

@book{lavalle,
  author={Steven M. LaValle},
  year={2006},
  publisher={Cambridge University Press},
  title={Planning Algorithms},
}

@book{everett,
  author={H.R. Everett},
  title={Sensors for Mobile Robots},
  year={1995},
  publisher={A.K. Peters},
}

@book{astrom-murray,
  title={Feedback Systems: An Introduction for Scientists and Engineers},
  author={Karl Johan \AA{}str\"{o}m and Richard M. Murray},
  year=2008,
  publisher={Princeton University Press},
  note={The draft of a second edition is available online at \url{http://www.cds.caltech.edu/~murray/amwiki/index.php/Second_Edition}},
}

@book{vince,
  author={John Vince},
  title={Quaternions for Computer Graphics},
  year={2011},
  publisher={Springer},
}

@article{king,
author={A.D. King},
year=1998,
title={Inertial Navigation---Forty Years of Evolution},
journal={GEC Review},
volume=13,
number=3,
pages={140-–149},
note={\url{http://www.imar-navigation.de/downloads/papers/inertial_navigation_introduction.pdf}},
}

@unpublished{oxford,
author={{Oxford Technical Solutions}},
title={What is an ({INS}) inertial navigation system?},
note={\url{http://www.oxts.com/what-is-inertial-navigation-guide/}},
}

@book{vsi,
  title={Robotics: A Very Short Introduction},
  author={Alan Winfield},
  publisher={Oxford University Press},
  year={2012},
}
  
@book{izenman2008,
  title={Modern multivariate statistical techniques},
  author={Izenman, Alan Julian},
  year={2008},
  publisher={Springer},
}

@inproceedings{schmickl2013assisi,
  title={ASSISI: mixing animals with robots in a hybrid society},
  author={Schmickl, Thomas and Bogdan, Stjepan and Correia, Lu{\'\i}s and Kernbach, Serge and Mondada, Francesco and Bodi, Michael and Gribovskiy, Alexey and Hahshold, Sibylle and Miklic, Damjan and Szopek, Martina and others},
  booktitle={Conference on Biomimetic and Biohybrid Systems},
  pages={441--443},
  year={2013},
  organization={Springer}
}

@book{karel,
  author={Richard E. Pattis and Jim Roberts and Mark Stehlik},
  title={Karel the Robot: A Gentle Introduction to the Art of Programming (Second Edition)},
  publisher={Wiley},
  year={1995},
}

@book{spong,
  title={Robot Modeling and Control},
  author={Mark W. Spong and Seth Hutchinson and M. Vidyasagar},
  year={2005},
  publisher={Wiley},
}

@book{craig,
  title={Introduction to Robotics: Mechanics and Control, Third Edition},
  author={John J. Craig},
  year={2005},
  publisher={Pearson},
}

@book{correll,
  title={Introduction to Autonomous Robots},
  author={Nikolaus Correll},
  year={2014},
  publisher={CreateSpace},
  note={Avaiable for download at \url{https://github.com/correll/Introduction-to-Autonomous-Robots/releases/download/v1.9/book.pdf}},
}

@book{szeliski,
  title={Computer Vision: Algorithms and Applications},
  author={Richard Szeliski},
  year={2011},
  publisher={Springer},
}

@article{Schmickl2009,
 author = {Schmickl, Thomas and Thenius, Ronald and Moeslinger, Christoph and Radspieler, Gerald and Kernbach, Serge and Szymanski, Marc and Crailsheim, Karl},
 title = {Get in Touch: Cooperative Decision Making Based on Robot-to-robot Collisions},
 journal = {Autonomous Agents and Multi-Agent Systems},
 volume = {18},
 number = {1},
 year = {2009},
 pages = {133--155},
 publisher = {Kluwer},
} 

@article{bodi2012interaction,
  title={Interaction of robot swarms using the honeybee-inspired control algorithm BEECLUST},
  author={Bodi, Michael and Thenius, Ronald and Szopek, Martina and Schmickl, Thomas and Crailsheim, Karl},
  journal={Mathematical and Computer Modelling of Dynamical Systems},
  volume={18},
  number={1},
  pages={87--100},
  year={2012},
  publisher={Taylor \& Francis}
}

@inproceedings{chen2013strategy,
  title={A strategy for transporting tall objects with a swarm of miniature mobile robots},
  author={Chen, Jianing and Gauci, Melvin and Gro{\ss}, Roderich},
  booktitle={IEEE International Conference on Robotics and Automation},
  pages={863--869},
  year={2013},
}

@book{kernbach2013,
  title={Handbook of collective robotics: Fundamentals and challenges},
  author={Kernbach, Serge},
  year={2013},
  publisher={CRC Press}
}

@book{haykin,
  title={Neural Networks and Learning Machines (Third Edition)},
  author={Simon O. Haykin},
  publisher={Pearson},
  year={2008},
}

@book{rojas,
 title={Neural Networks: A Systematic Introduction},
 author={Rojas, Ra{\'u}l},
 year={1996},
 publisher={Springer},
}

@book{russ,
  title={The Image Processing Handbook (Sixth Edition)},
  author={John C. Russ},
  year={2011},
  publisher={CRC Press},
}

@book{GW,
  title={Digital Image Processing (Third Edition)},
  author={Rafael C. Gonzalez and Richard E. Woods},
  year={2008},
  publisher={Pearson},
}

@book{crls3,
  title={Introduction to Algorithms (Third Edition)},
  author={Thomas H. Cormen and Charles E. Leiserson and Ronald L. Rivest and Clifford Stein},
  publisher={MIT Press},
  year={2009},
}

@article{dijkstra1959,
  title={A note on two problems in connexion with graphs},
  author={Dijkstra, Edsger W},
  journal={Numerische Mathematik},
  volume={1},
  number={1},
  pages={269--271},
  year={1959},
}

@article{gross2015,
	author={J. Chen and M. Gauci and W. Li and A. Kolling and R. Gro{\ss}},
	journal={IEEE Transactions on Robotics},
	title={Occlusion-Based Cooperative Transport with a Swarm of Miniature Mobile Robots},
	year={2015},
	volume={31},
	number={2},
	pages={307-321},
 }

@book{pcdp2,
  author={M. Ben-Ari},
  title={Principles of Concurrent and Distributed Programming (Second Edition)},
  publisher={Addison-Wesley},
  year={2006},
}

@book{aho,
  title={The Design and Analysis of Computer Algorithms},
  author={Alfred V. Aho and John E. Hopcroft and Jeffrey D. Ullman},
  publisher={Addison-Wesley},
  year={1974},
}

@book{automata,
  title={Introduction to Automata Theory, Languages, and Computation (Third Edition)},
  publisher={Pearson},
  author={John Hopcroft and Rajeev Motwani and Jeffrey D. Ullman},
  year={2007},
}

@book{thrun,
  title={Probabilistic Robotics},
  author={Sebastian Thrun and Wolfram Burgard and Dieter Fox},
  publisher={MIT Press},
  year={2005},
}

@Inbook{sahin2005,
	editor={Erol \c{S}ahin and William M. Spears},
	chapter="Swarm Robotics: From Sources of Inspiration to Domains of Application",
	title="Swarm Robotics: SAB 2004 International Workshop",
   location="Santa Monica, CA",
	year="2005",
	publisher="Springer",
	pages="10--20",
}


@article{zadeh,
  author={Lotfi A. Zadeh},
  title={Fuzzy sets},
  year={1965},
  journal={Information and Control},
  volume=8,
  number=3,
  pages={338-–353},
}

@book{passino,
  author={Kevin M. Passino and Stephen Yurkovich},
  title={Fuzzy Control},
  publisher={Addison-Wesley},
  year={1998},
}

@article{herculano2009human,
  title={The human brain in numbers: a linearly scaled-up primate brain},
  author={Herculano-Houzel, Suzana},
  journal={Frontiers in human neuroscience},
  volume={3},
  pages={31},
  year={2009},
  publisher={Frontiers}
}

@book{turtle,
  author={Harold Abelson and Andrea diSessa},
  title={Turtle Geometry: The Computer as a Medium for Exploring Mathematics},
  publisher={MIT Press},
  year={1986},
}

@book{dudek,
  author={Gregory Dudek and Michael Jenkin},
  title={Computational Principles of Mobile Robotics (Second Edition)},
  publisher={Cambridge University Press},
  year={2010},
}

@book{kumar,
  author={Deepak Kumar},
  title={Learning Computing with Robots},
  publisher={Lulu},
  year={2011},
  note={Download from \url{http://calicoproject.org/Learning_Computing_With_Robots}},
}

@book{siegwart,
  author={Roland Siegwart and Illah R. Nourbakhsh and Davide Scaramuzza},
  title={Introduction to Autonomous Mobile Robots (Second Edition)},
  publisher={MIT Press},
  year={2011},
}

@book{trobaugh,
  author={James J. Trobaugh and Mannie Lowe},
  title={Winning LEGO MINDSTORMS Programming},
  publisher={Apress},
  year={2012},
}

@book{valentino,
  author={Valentino Braitenberg},
  title={Vehicles: Experiments in Synthetic Psychology},
  publisher={MIT Press},
  year={1984},
}

@techreport{creatures,
  author={David W. Hogg and Fred Martin and Mitchel Resnick},
  title={Braitenberg Creatures},
  institution={MIT Media Lab},
  year={1991},
  number={E\&L Memo No. 13},
  note={\url{http://cosmo.nyu.edu/hogg/lego/braitenberg_vehicles.pdf}},
}
